<?xml version="1.0" encoding="UTF-8"?>
<record xmlns="http://www.loc.gov/MARC21/slim">
   <leader>02174cam a2200409 a 4500</leader>
   <controlfield tag="001">3239356</controlfield>
   <controlfield tag="003">NjP</controlfield>
   <controlfield tag="005">20190705145838.0</controlfield>
   <controlfield tag="007">hd bfa010baaa</controlfield>
   <controlfield tag="007">hd bfa010baba</controlfield>
   <controlfield tag="007">hd afa010baca</controlfield>
   <controlfield tag="008">001013q18901899ua      a     000 0 ara d</controlfield>
   <datafield tag="024" ind1="7" ind2=" ">
      <subfield code="a">princeton_aco004462</subfield>
      <subfield code="2">local</subfield>
   </datafield>
   <datafield ind1=" " ind2=" " tag="035">
      <subfield code="a">(NjP)3239356</subfield>
   </datafield>
   <datafield ind1=" " ind2=" " tag="040">
      <subfield code="a">NjP</subfield>
      <subfield code="c">PUL</subfield>
      <subfield code="d">PUL</subfield>
   </datafield>
   <datafield ind1=" " ind2=" " tag="049">
      <subfield code="a">PULL</subfield>
   </datafield>
   <datafield ind1=" " ind2=" " tag="035">
      <subfield code="a">(OCoLC)ocm49367292</subfield>
   </datafield>
   <datafield ind1="1" ind2=" " tag="100">
      <subfield code="6">880-01</subfield>
      <subfield code="a">Isfarāyīnī, Ibrāhīm ibn Muḥammad,</subfield>
      <subfield code="d">-1027 or 1028.</subfield>
      <subfield code="0">http://id.loc.gov/authorities/names/nr92039917</subfield>
   </datafield>
   <datafield ind1="1" ind2="0" tag="240">
      <subfield code="6">880-02</subfield>
      <subfield code="a">Nūr al-ʻayn fī mashhad al-Ḥusayn</subfield>
   </datafield>
   <datafield ind1="1" ind2="0" tag="245">
      <subfield code="6">880-03</subfield>
      <subfield code="a">Kitāb Nūr al-ʻayn fī mashhad al-Ḥusayn /</subfield>
      <subfield code="c">Abī Isḥāq al-Isfarāyīnī. Wa-yalīhā Qurrat al-ʻayn fī akhdh thaʼr al-Ḥusayn / lil-Imām ʻAbd Allāh ibn Muḥammad.</subfield>
   </datafield>
   <datafield ind1="3" ind2="0" tag="246">
      <subfield code="6">880-04</subfield>
      <subfield code="a">Nūr al-ʻayn fī mashhad al-Ḥusayn</subfield>
   </datafield>
   <datafield ind1=" " ind2=" " tag="260">
      <subfield code="6">880-05</subfield>
      <subfield code="a">Miṣr :</subfield>
      <subfield code="b">Maṭbaʻat al-ʻUlūm al-Adabīyah,</subfield>
      <subfield code="c">[189--?]</subfield>
   </datafield>
   <datafield ind1=" " ind2=" " tag="300">
      <subfield code="a">40 p. ;</subfield>
      <subfield code="c">20 cm.</subfield>
   </datafield>
   <datafield ind1=" " ind2=" " tag="500">
      <subfield code="a">Cover title.</subfield>
   </datafield>
   <datafield ind1="0" ind2="0" tag="600">
      <subfield code="6">880-06</subfield>
      <subfield code="a">Ḥusayn ibn ʻAlī,</subfield>
      <subfield code="d">-680</subfield>
      <subfield code="0">http://id.loc.gov/authorities/names/n79142777</subfield>
   </datafield>
   <datafield ind1="0" ind2="2" tag="700">
      <subfield code="6">880-07</subfield>
      <subfield code="a">Abū ʻAbd Allāh ibn Muḥammad.</subfield>
      <subfield code="t">Qurrat al-ʻayn fī akhdh thaʼr al-Ḥusayn.</subfield>
   </datafield>
   <datafield ind1="0" ind2=" " tag="740">
      <subfield code="6">880-08</subfield>
      <subfield code="a">Qurrat al-ʻayn fī akhdh thaʼr al-Ḥusayn.</subfield>
   </datafield>
   <datafield ind1="1" ind2=" " tag="880">
      <subfield code="6">100-01/r</subfield>
      <subfield code="a">اسفراييني، ابراهيم بن محمد،</subfield>
      <subfield code="d">-1027 or 1028.</subfield>
   </datafield>
   <datafield ind1="1" ind2="0" tag="880">
      <subfield code="6">240-02/r</subfield>
      <subfield code="a">نور العين في مشهد الحسين</subfield>
   </datafield>
   <datafield ind1="1" ind2="0" tag="880">
      <subfield code="6">245-03/r</subfield>
      <subfield code="a">كتاب نور العين في مشهد الحسين /</subfield>
      <subfield code="c">ابي اسحاق الاسفراييني. ويليها قرة العين في اخذ ثأر الحسين / للامام عبد الله بن محمد.</subfield>
   </datafield>
   <datafield ind1="3" ind2="0" tag="880">
      <subfield code="6">246-04/r</subfield>
      <subfield code="a">نور العين في مشهد الحسين</subfield>
   </datafield>
   <datafield ind1=" " ind2=" " tag="880">
      <subfield code="6">260-05/r</subfield>
      <subfield code="a">مصر :</subfield>
      <subfield code="b">مطبعة العلوم الادبية،</subfield>
      <subfield code="c">[189-؟]</subfield>
   </datafield>
   <datafield ind1="0" ind2="0" tag="880">
      <subfield code="6">600-06/r</subfield>
      <subfield code="a">حسين بن علي،</subfield>
      <subfield code="d">d. 680.</subfield>
   </datafield>
   <datafield ind1="0" ind2="2" tag="880">
      <subfield code="6">700-07/r</subfield>
      <subfield code="a">ابو عبد الله بن محمد.</subfield>
      <subfield code="t">قرة العين في اخذ ثأر الحسين.</subfield>
   </datafield>
   <datafield ind1="0" ind2=" " tag="880">
      <subfield code="6">740-08/r</subfield>
      <subfield code="a">قرة العين في اخذ ثأر الحسين.</subfield>
   </datafield>
   <datafield ind1="4" ind2=" " tag="856">
      <subfield code="u">http://hdl.handle.net/2027/njp.32101076412087</subfield>
   </datafield>
   <datafield ind1=" " ind2=" " tag="994">
      <subfield code="a">C0</subfield>
      <subfield code="b">PUL</subfield>
   </datafield>
   <datafield ind1=" " ind2=" " tag="999">
      <subfield code="a">3239356</subfield>
   </datafield>
   <datafield ind1=" " ind2=" " tag="979">
      <subfield code="a">(OCoLC)ocn178261337</subfield>
   </datafield>
   <datafield ind1="8" ind2=" " tag="852">
      <subfield code="0">3562649</subfield>
      <subfield code="b">rcppa</subfield>
      <subfield code="h">2271.504626.368 1890z</subfield>
      <subfield code="x">tr fr f</subfield>
   </datafield>
   <datafield ind1="8" ind2=" " tag="852">
      <subfield code="0">8776230</subfield>
      <subfield code="b">elf1</subfield>
      <subfield code="h">Electronic Resource</subfield>
   </datafield>
   <datafield ind1=" " ind2=" " tag="959">
      <subfield code="a">2000-10-13 09:09:07 -0500</subfield>
   </datafield>
</record>
